<?xml version="1.0" encoding="UTF-8"?>
<OAI-PMH xmlns="http://www.openarchives.org/OAI/2.0/" xmlns:xsi="http://www.w3.org/2001/XMLSchema-instance" xsi:schemaLocation="http://www.openarchives.org/OAI/2.0/ http://www.openarchives.org/OAI/2.0/OAI-PMH.xsd">
<ListRecords>
<record>
<header status="updated">
<identifier>urm_publish:71290344460002121</identifier>
</header>
<metadata>
<record xmlns="http://www.loc.gov/MARC21/slim" xmlns:xsi="http://www.w3.org/2001/XMLSchema-instance" xsi:schemaLocation="http://www.loc.gov/MARC21/slim http://www.loc.gov/standards/marcxml/schema/MARC21slim.xsd" ><leader>01367cam a2200373Ia 4500</leader><controlfield tag="005">20101210092759.0</controlfield><controlfield tag="008">851120s1985    dcua         f000 0 fre d</controlfield><controlfield tag="001">999655714902121</controlfield><datafield tag="035" ind1=" " ind2=" "><subfield code="a">(OCoLC)ocm12831440</subfield></datafield><datafield tag="035" ind1=" " ind2=" "><subfield code="9">ANP1442UW</subfield></datafield><datafield tag="035" ind1=" " ind2=" "><subfield code="a">(WU)2090478-uwmadisondb</subfield></datafield><datafield tag="040" ind1=" " ind2=" "><subfield code="a">GPO</subfield><subfield code="b">eng</subfield><subfield code="c">GPO</subfield><subfield code="d">WIH</subfield></datafield><datafield tag="041" ind1="1" ind2=" "><subfield code="a">fre</subfield><subfield code="h">eng</subfield></datafield><datafield tag="043" ind1=" " ind2=" "><subfield code="a">n-us---</subfield></datafield><datafield tag="049" ind1=" " ind2=" "><subfield code="a">WIHA</subfield></datafield><datafield tag="074" ind1=" " ind2=" "><subfield code="a">569</subfield></datafield><datafield tag="086" ind1="0" ind2=" "><subfield code="a">AE 1.113:18/FRENCH</subfield></datafield><datafield tag="130" ind1="0" ind2=" "><subfield code="a">Some facts about the National Archives.</subfield><subfield code="l">French.</subfield><subfield code="2">LCNAMES</subfield></datafield><datafield tag="245" ind1="1" ind2="0"><subfield code="a">Quelques renseignements sur les Archives nationales.</subfield></datafield><datafield tag="264" ind1=" " ind2="1"><subfield code="a">Washington, DC :</subfield><subfield code="b">National Archives and Records Administration,</subfield><subfield code="c">1985.</subfield></datafield><datafield tag="300" ind1=" " ind2=" "><subfield code="a">1 sheet :</subfield><subfield code="b">illustrations ;</subfield><subfield code="c">51 x 22 cm. folded to 22 x 17 cm.</subfield></datafield><datafield tag="336" ind1=" " ind2=" "><subfield code="a">text</subfield><subfield code="b">txt</subfield><subfield code="2">rdacontent</subfield></datafield><datafield tag="337" ind1=" " ind2=" "><subfield code="a">unmediated</subfield><subfield code="b">n</subfield><subfield code="2">rdamedia</subfield></datafield><datafield tag="338" ind1=" " ind2=" "><subfield code="a">volume</subfield><subfield code="b">nc</subfield><subfield code="2">rdacarrier</subfield></datafield><datafield tag="490" ind1="1" ind2=" "><subfield code="a">Brochure de renseignements généraux ;</subfield><subfield code="v">no. 18</subfield></datafield><datafield tag="500" ind1=" " ind2=" "><subfield code="a">Title from cover.</subfield></datafield><datafield tag="500" ind1=" " ind2=" "><subfield code="a">Shipping list no.: 85-1059-P.</subfield></datafield><datafield tag="610" ind1="1" ind2="0"><subfield code="a">United States.</subfield><subfield code="b">National Archives and Records Administration.</subfield><subfield code="2">LCNAMES</subfield><subfield code="0">41-LIBRARY_OF_CONGRESS-n  84176101</subfield><subfield code="9">Y</subfield></datafield><datafield tag="610" ind1="1" ind2="0"><subfield code="a">United States.</subfield><subfield code="b">National Archives and Records Administration</subfield><subfield code="x">Buildings.</subfield></datafield><datafield tag="650" ind1=" " ind2="0"><subfield code="a">Archival resources</subfield><subfield code="z">United States.</subfield><subfield code="2">LCSH</subfield><subfield code="0">41-LIBRARY_OF_CONGRESS-sh 85006909</subfield><subfield code="9">Y</subfield></datafield><datafield tag="710" ind1="1" ind2=" "><subfield code="a">United States.</subfield><subfield code="b">National Archives and Records Administration.</subfield><subfield code="2">LCNAMES</subfield><subfield code="0">41-LIBRARY_OF_CONGRESS-n  84176101</subfield><subfield code="9">Y</subfield></datafield><datafield tag="830" ind1=" " ind2="0"><subfield code="a">General information leaflet.</subfield><subfield code="l">French ;</subfield><subfield code="v">no. 18.</subfield></datafield><datafield tag="994" ind1=" " ind2=" "><subfield code="a">C0</subfield><subfield code="b">WIH</subfield></datafield><datafield tag="997" ind1=" " ind2=" "><subfield code="a">MARCIVE</subfield></datafield><datafield tag="610" ind1="1" ind2="0"><subfield code="a">National Archives and Records Administration (U.S.)</subfield><subfield code="2">LCNAMES</subfield><subfield code="0">41-LIBRARY_OF_CONGRESS-n  84176101</subfield><subfield code="9">N</subfield></datafield><datafield tag="610" ind1="1" ind2="0"><subfield code="a">NARA (National Archives and Records Administration)</subfield><subfield code="2">LCNAMES</subfield><subfield code="0">41-LIBRARY_OF_CONGRESS-n  84176101</subfield><subfield code="9">N</subfield></datafield><datafield tag="610" ind1="1" ind2="0"><subfield code="a">National Archives (U.S. : 1985- )</subfield><subfield code="2">LCNAMES</subfield><subfield code="0">41-LIBRARY_OF_CONGRESS-n  84176101</subfield><subfield code="9">N</subfield></datafield><datafield tag="610" ind1="1" ind2="0"><subfield code="a">United States.</subfield><subfield code="b">National Archives (1985- )</subfield><subfield code="2">LCNAMES</subfield><subfield code="0">41-LIBRARY_OF_CONGRESS-n  84176101</subfield><subfield code="9">N</subfield></datafield><datafield tag="610" ind1="1" ind2="0"><subfield code="a">National Archives at College Park (U.S.)</subfield><subfield code="2">LCNAMES</subfield><subfield code="0">41-LIBRARY_OF_CONGRESS-n  84176101</subfield><subfield code="9">N</subfield></datafield><datafield tag="610" ind1="1" ind2="0"><subfield code="a">Beikoku Kokuritsu Kōbunshokan</subfield><subfield code="2">LCNAMES</subfield><subfield code="0">41-LIBRARY_OF_CONGRESS-n  84176101</subfield><subfield code="9">N</subfield></datafield><datafield tag="610" ind1="1" ind2="0"><subfield code="a">United States.</subfield><subfield code="b">Kokuritsu Kōbunshokan</subfield><subfield code="2">LCNAMES</subfield><subfield code="0">41-LIBRARY_OF_CONGRESS-n  84176101</subfield><subfield code="9">N</subfield></datafield><datafield tag="610" ind1="1" ind2="0"><subfield code="w">a</subfield><subfield code="a">United States.</subfield><subfield code="b">National Archives and Records Service</subfield><subfield code="2">LCNAMES</subfield><subfield code="0">41-LIBRARY_OF_CONGRESS-n  84176101</subfield><subfield code="9">R</subfield></datafield><datafield tag="650" ind1=" " ind2="0"><subfield code="w">g</subfield><subfield code="a">Archives</subfield><subfield code="2">LCSH</subfield><subfield code="0">41-LIBRARY_OF_CONGRESS-sh 85006909</subfield><subfield code="9">R</subfield></datafield><datafield tag="650" ind1=" " ind2="0"><subfield code="w">g</subfield><subfield code="a">Information resources</subfield><subfield code="2">LCSH</subfield><subfield code="0">41-LIBRARY_OF_CONGRESS-sh 85006909</subfield><subfield code="9">R</subfield></datafield><datafield tag="710" ind1="1" ind2=" "><subfield code="a">National Archives and Records Administration (U.S.)</subfield><subfield code="2">LCNAMES</subfield><subfield code="0">41-LIBRARY_OF_CONGRESS-n  84176101</subfield><subfield code="9">N</subfield></datafield><datafield tag="710" ind1="1" ind2=" "><subfield code="a">NARA (National Archives and Records Administration)</subfield><subfield code="2">LCNAMES</subfield><subfield code="0">41-LIBRARY_OF_CONGRESS-n  84176101</subfield><subfield code="9">N</subfield></datafield><datafield tag="710" ind1="1" ind2=" "><subfield code="a">National Archives (U.S. : 1985- )</subfield><subfield code="2">LCNAMES</subfield><subfield code="0">41-LIBRARY_OF_CONGRESS-n  84176101</subfield><subfield code="9">N</subfield></datafield><datafield tag="710" ind1="1" ind2=" "><subfield code="a">United States.</subfield><subfield code="b">National Archives (1985- )</subfield><subfield code="2">LCNAMES</subfield><subfield code="0">41-LIBRARY_OF_CONGRESS-n  84176101</subfield><subfield code="9">N</subfield></datafield><datafield tag="710" ind1="1" ind2=" "><subfield code="a">National Archives at College Park (U.S.)</subfield><subfield code="2">LCNAMES</subfield><subfield code="0">41-LIBRARY_OF_CONGRESS-n  84176101</subfield><subfield code="9">N</subfield></datafield><datafield tag="710" ind1="1" ind2=" "><subfield code="a">Beikoku Kokuritsu Kōbunshokan</subfield><subfield code="2">LCNAMES</subfield><subfield code="0">41-LIBRARY_OF_CONGRESS-n  84176101</subfield><subfield code="9">N</subfield></datafield><datafield tag="710" ind1="1" ind2=" "><subfield code="a">United States.</subfield><subfield code="b">Kokuritsu Kōbunshokan</subfield><subfield code="2">LCNAMES</subfield><subfield code="0">41-LIBRARY_OF_CONGRESS-n  84176101</subfield><subfield code="9">N</subfield></datafield><datafield tag="710" ind1="1" ind2=" "><subfield code="w">a</subfield><subfield code="a">United States.</subfield><subfield code="b">National Archives and Records Service</subfield><subfield code="2">LCNAMES</subfield><subfield code="0">41-LIBRARY_OF_CONGRESS-n  84176101</subfield><subfield code="9">R</subfield></datafield><datafield tag="INST" ind1=" " ind2=" "><subfield code="a">01UWI_NETWORK</subfield><subfield code="b">P</subfield><subfield code="c">71290344460002121</subfield></datafield><datafield tag="INST" ind1=" " ind2=" "><subfield code="a">01UWI_MAD</subfield><subfield code="b">P</subfield><subfield code="c">21549918110002122</subfield></datafield><datafield tag="AVA" ind1=" " ind2=" "><subfield code="0">9920904783602122</subfield><subfield code="8">22549918100002122</subfield><subfield code="a">01UWI_MAD</subfield><subfield code="b">WHSLIBRARY</subfield><subfield code="c">US Government Documents</subfield><subfield code="d">AE 1.113: 18/FRENCH</subfield><subfield code="e">available</subfield><subfield code="f">1</subfield><subfield code="g">0</subfield><subfield code="j">govus</subfield><subfield code="k">3</subfield><subfield code="p">1</subfield><subfield code="q">Wisconsin Historical Society Library</subfield></datafield><datafield tag="MMS" ind1=" " ind2=" "><subfield code="b">999655714902121</subfield><subfield code="a">01UWI_NETWORK</subfield></datafield><datafield tag="MMS" ind1=" " ind2=" "><subfield code="b">9920904783602122</subfield><subfield code="a">01UWI_MAD</subfield></datafield><datafield tag="BBB" ind1="3" ind2="0"><subfield code="x">aShipping list no.: 85-1059-P.</subfield><subfield code="8">22549918100002122</subfield><subfield code="A">01UWI_MAD</subfield></datafield></record>
</metadata>
</record>
</ListRecords>
</OAI-PMH>